<?xml version="1.0" encoding="UTF-8"?><collection xmlns="http://www.loc.gov/MARC21/slim"><record><leader>00428nam--2200121-i-4500</leader><controlfield tag="001">000037260</controlfield><controlfield tag="002">20161230</controlfield><controlfield tag="005">20161230201041</controlfield><controlfield tag="008">060222s1000------------r-----000-0-eng-d</controlfield><datafield ind1=" " ind2=" " tag="080"><subfield code="a">530.145.6</subfield></datafield><datafield ind1=" " ind2=" " tag="245"><subfield code="a">Problemes de mecanique quantique. d`apres l`ouvrage de gol`dman, krivchenkov, kogan et galitskii. revu et augmente par d.ter haar. preface de jacques friedel</subfield></datafield><datafield ind1=" " ind2=" " tag="260"><subfield code="a">Paris, Masson Et C-ie, 1969, Viii + 428p</subfield></datafield><datafield ind1=" " ind2=" " tag="852"><subfield code="a">31502</subfield></datafield></record></collection>